@misc{ORP42020,
  url       = {https://www.bsi.bund.de/SharedDocs/Downloads/DE/BSI/Grundschutz/Kompendium_Einzel_PDFs/02_ORP_Organisation_und_Personal/ORP_4_Identitaets_und_Berechtigungsmanagement_Editon_2020.pdf?__blob=publicationFile&v=1},
  journal   = {ORP.4 identitäts- und berechtigungsmanagement},
  publisher = {BSI}
}
@article{sharma2016identity,
  title     = {Identity and access management as security-as-a-service from clouds},
  author    = {Sharma, Deepak H and Dhote, CA and Potey, Manish M},
  journal   = {Procedia Computer Science},
  volume    = {79},
  pages     = {170--174},
  year      = {2016},
  publisher = {Elsevier}
}
@article{sandu1994access,
  author   = {Sandhu, R.S. and Samarati, P.},
  journal  = {IEEE Communications Magazine},
  title    = {Access control: principle and practice},
  year     = {1994},
  volume   = {32},
  number   = {9},
  pages    = {40-48},
  keywords = {Access control;Authentication;Authorization;Computerized monitoring;Databases;Data security;Computer security;Control systems;Information security;Software performance},
  doi      = {10.1109/35.312842}
}
@article{hughes2005security,
  title     = {Security assertion markup language (saml) v2. 0 technical overview},
  author    = {Hughes, John and Maler, Eve},
  journal   = {OASIS SSTC Working Draft sstc-saml-tech-overview-2.0-draft-08},
  volume    = {13},
  pages     = {12},
  year      = {2005},
  publisher = {Citeseer}
}
@inbook{tsolkas2017,
  author    = {Tsolkas, Alexander
               and Schmidt, Klaus},
  title     = {Zugriffskontrolle {\"u}ber Authentifizierung},
  booktitle = {Rollen und Berechtigungskonzepte: Identity- und Access-Management im Unternehmen},
  year      = {2017},
  publisher = {Springer Fachmedien Wiesbaden},
  address   = {Wiesbaden},
  pages     = {129--160},
  abstract  = {Bei der Zugriffskontrolle {\"u}ber Authentifizierung werden w{\"a}hrend des Prozesses der Authentifizierung entweder eine Identit{\"a}t, eine Person oder ein Computersystem {\"u}berpr{\"u}ft. Authentifizierung (v. griechischen „authentikos`` f{\"u}r Urheber, der Echte, der Wirkliche), bedeutet, eine Identit{\"a}t durch eine identit{\"a}tsgebundene Information zu {\"u}berpr{\"u}fen und zu best{\"a}tigen. Dies kann auf verschiedene Art und Weise erfolgen. Authentisierung wird im englischen Sprachgebrauch mit Authentifizierung gleichgesetzt. In der deutschen Sprache meint Authentisierung die eigene Identit{\"a}t zu {\"u}berpr{\"u}fen. Die {\"a}lteste und am weitesten verbreitete Authentifizierung auf der Welt ist die des Namens durch den Nachnamen. Es gibt viele Alexander, aber nur wenige Alexander Tsolkas. In vielen Kulturen gibt es eine Reihe von Authentifizierungsmerkmalen im Namen, die nat{\"u}rlich auch zur Authentisierung dienen. Der aus dem Skandinavischen stammende Namen „Ericsson`` meint den Sohn von Eric. F{\"u}r die damalige Zeit war dies ausreichend, da man sich in der n{\"a}heren Umgebung meist gut kannte. In der Namensgebung werden kulturbezogen viele Authentifizierungs- und Authentisierungsmerkmale verwendet. {\"A}hnliches gilt auch f{\"u}r die Informationstechnologie. Die Authentifizierung kann mittels dreier Objekte durchgef{\"u}hrt werden:},
  isbn      = {978-3-658-17987-8},
  doi       = {10.1007/978-3-658-17987-8_7},
  url       = {https://doi.org/10.1007/978-3-658-17987-8_7}
}

